

@article{msdd,
	title={Searching for Structure in Multiple Streams of Data},
	author={Cohen, Paul and Oates, Tim},
	year={1998}
}

@article{pram,
	title={Redistribution Systems and PRAM},
	author={Cohen, Paul and Loboda, Tomek},
	year={2019}
}